@book{NOG,
  author    = "Prof. Dr. Claude Draude",
  title     = "Veranstaltung Nutzungsorientierte Gestaltung",
  publisher = "Universit√§t Kassel",
  address   = "FB 16; FG Partizipative IT-Gestaltung",
  year      = 2022
}

@misc{IONOS_nog_def,
    author = {},
    title = {{U}ser-{C}entered {D}esign: {E}rfolgreiche {P}rodukte im {D}ialog mit den {N}utzern entwickeln},
    howpublished = {\url{https://www.ionos.de/digitalguide/websites/web-entwicklung/user-centered-design/}},
    year = {2022},
    note = {[abgerufen am: 16-Feb-2023]},
}

@booklet{ITToolkit,
  title        = "Inclusive Design Toolkit Manual",
  author       = "Microsoft", 
  howpublished = "\url{https://www.microsoft.com/design/inclusive/}, [abgerufen am: 16-Feb-2023]",
  year         = 2016
}

@book{InterviewIK,
  author    = "Holtzblatt, Karen and Beyer, Hugh",
  title     = "Contextual design. Defining customer-centeredsystems. Second Edition",
  publisher = "Calif: Morgan Kaufmann",
  address   = "San Francisco",
  year      = 2017
}

@book{PersonaCooper,
  author    = "Alan Cooper",
  title     = "The Inmates Are Running the Asylum",
  publisher = "Macmillan Publishing Co",
  address   = "Indianapolis, USA",
  year      = 1999
}

@book{PersonaCooperEtA, 
  place={Indianapolis (Ind.)}, 
  title={About face 3 the essentials of interaction design}, 
  publisher={Wiley}, 
  author={Cooper, Alan and Reimann, Robert and Cronin, David}, 
  year={2007}} 

@misc{interactiondesignWhatPersonas,
	author = {},
	title = {{W}hat are {P}ersonas? --- interaction-design.org},
	howpublished = {\url{https://www.interaction-design.org/literature/topics/personas}},
	year = {},
	note = {[Accessed 21-Feb-2023]},
}

@misc{uxplanetGuideCreating,
	author = {Justinmind},
	title = {{G}uide to creating user personas --- uxplanet.org},
	howpublished = {\url{https://uxplanet.org/guide-to-creating-user-personas-c62586bb7f0a}},
	year = {},
	note = {[Accessed 21-Feb-2023]},
}

@misc{captainverifyBuyerPersona,
	author = {},
	title = {{B}uyer {P}ersona: {A} major asset of the marketing strategy - {C}aptain {V}erify --- captainverify.com},
	howpublished = {\url{https://captainverify.com/blog/buyer-persona-marketing-strategy.html}},
	year = {},
	note = {[Accessed 21-Feb-2023]},
}